<?xml version="1.0" encoding="UTF-8"?>
<SOAP-ENV:Envelope xmlns:SOAP-ENV="http://schemas.xmlsoap.org/soap/envelope/" xmlns:of="http://oss.dbc.dk/ns/openformat" xmlns:ofo="http://oss.dbc.dk/ns/openformatoutput"><SOAP-ENV:Body><of:formatResponse><marc21><mx:record xmlns:mx="http://www.loc.gov/MARC21/slim" format="MARC21" type="Bibliographic"><mx:leader>00000ngm a22000000c 4500</mx:leader><mx:controlfield tag="007">vd||v||||</mx:controlfield><mx:controlfield tag="008">050715s2005    dk ||||| |||| ||||||mul|d</mx:controlfield><mx:datafield ind1="1" ind2=" " tag="029"><mx:subfield code="a">DKDLA</mx:subfield><mx:subfield code="b">870970-basis:25832159</mx:subfield></mx:datafield><mx:datafield ind1=" " ind2=" " tag="040"><mx:subfield code="a">DKDLA</mx:subfield><mx:subfield code="b">dan</mx:subfield><mx:subfield code="c">DKDLA</mx:subfield></mx:datafield><mx:datafield ind1="1" ind2=" " tag="041"><mx:subfield code="a">eng</mx:subfield><mx:subfield code="a">ger</mx:subfield><mx:subfield code="a">spa</mx:subfield><mx:subfield code="j">eng</mx:subfield><mx:subfield code="j">ger</mx:subfield><mx:subfield code="j">spa</mx:subfield><mx:subfield code="j">por</mx:subfield><mx:subfield code="j">dan</mx:subfield><mx:subfield code="j">fin</mx:subfield><mx:subfield code="j">swe</mx:subfield><mx:subfield code="j">heb</mx:subfield><mx:subfield code="j">pol</mx:subfield><mx:subfield code="j">cze</mx:subfield><mx:subfield code="j">scr</mx:subfield><mx:subfield code="j">slv</mx:subfield><mx:subfield code="j">gre</mx:subfield><mx:subfield code="j">hun</mx:subfield><mx:subfield code="j">tur</mx:subfield><mx:subfield code="j">ice</mx:subfield><mx:subfield code="j">bul</mx:subfield></mx:datafield><mx:datafield ind1=" " ind2=" " tag="084"><mx:subfield code="a">77.7</mx:subfield><mx:subfield code="2">z</mx:subfield></mx:datafield><mx:datafield ind1="1" ind2="0" tag="245"><mx:subfield code="a">Natten før brylluppet</mx:subfield><mx:subfield code="h">[videooptagelse]=</mx:subfield><mx:subfield code="b">The Philadelphia story/</mx:subfield><mx:subfield code="c">screen play by Donald Ogden Stewart ; based on the play by Philip Barry ; director of photography Joseph Ruttenberg ; directed by George Cukor ; produced by Joseph L. Mankiewicz</mx:subfield></mx:datafield><mx:datafield ind1=" " ind2=" " tag="250"><mx:subfield code="a">2-disc special edition</mx:subfield></mx:datafield><mx:datafield ind1=" " ind2=" " tag="260"><mx:subfield code="a">[Valby] :</mx:subfield><mx:subfield code="b">Sandrew Metronome Video Danmark,</mx:subfield><mx:subfield code="c">[2005]</mx:subfield></mx:datafield><mx:datafield ind1=" " ind2=" " tag="300"><mx:subfield code="a">2 dvd-videoer (ca. 108 min.) :</mx:subfield><mx:subfield code="b">mono, sort-hvid</mx:subfield></mx:datafield><mx:datafield ind1="1" ind2=" " tag="700"><mx:subfield code="a">Stewart, Donald Ogden</mx:subfield></mx:datafield><mx:datafield ind1="1" ind2=" " tag="700"><mx:subfield code="a">Barry, Philip</mx:subfield></mx:datafield><mx:datafield ind1="1" ind2=" " tag="700"><mx:subfield code="a">Ruttenberg, Joseph</mx:subfield></mx:datafield><mx:datafield ind1="1" ind2=" " tag="700"><mx:subfield code="a">Cukor, George</mx:subfield></mx:datafield><mx:datafield ind1=" " ind2=" " tag="901"><mx:subfield code="a">791</mx:subfield></mx:datafield></mx:record><hs activity="insert">DKDLA</hs><hs activity="insert">DKB</hs></marc21></of:formatResponse></SOAP-ENV:Body></SOAP-ENV:Envelope>
